<?xml version="1.0" encoding="UTF-8"?><collection xmlns="http://www.loc.gov/MARC21/slim"><record><leader>00423nam--2200133-i-4500</leader><controlfield tag="001">000008044</controlfield><controlfield tag="002">20161230</controlfield><controlfield tag="005">20161230201027</controlfield><controlfield tag="008">060222s1000------------r-----000-0-eng-d</controlfield><datafield ind1=" " ind2=" " tag="080"><subfield code="a">547.024</subfield></datafield><datafield ind1=" " ind2=" " tag="100"><subfield code="a">Buchachenko, Anatolii Leonidovich</subfield></datafield><datafield ind1=" " ind2=" " tag="245"><subfield code="a">Stable radicals.authorized translation from th e russian by c.nigel turton and tatiana i.turt on</subfield></datafield><datafield ind1=" " ind2=" " tag="260"><subfield code="a">New York, Consultants Bureau, 1965. Viii + 180 P</subfield></datafield><datafield ind1=" " ind2=" " tag="852"><subfield code="a">25968</subfield></datafield></record></collection>